@book{Sommer2001,
  doi = {10.1007/978-3-662-04621-0},
  url = {https://doi.org/10.1007/978-3-662-04621-0},
  year = {2001},
  publisher = {Springer Berlin Heidelberg},
  editor = {Gerald Sommer},
  title = {Geometric Computing with Clifford Algebras}
}

@book{Heidelberg2009,
  doi = {10.1007/978-3-540-89068-3},
  url = {https://doi.org/10.1007/978-3-540-89068-3},
  year = {2009},
  publisher = {Springer Berlin Heidelberg},
  title = {Geometric Algebra with Applications in Engineering}
}

@incollection{Valkenburg2011,
  doi = {10.1007/978-0-85729-811-9_2},
  url = {https://doi.org/10.1007/978-0-85729-811-9_2},
  year = {2011},
  publisher = {Springer London},
  pages = {25--45},
  author = {Robert Valkenburg and Leo Dorst},
  title = {Estimating Motors from a Variety of Geometric Data in 3D Conformal Geometric Algebra},
  booktitle = {Guide to Geometric Algebra in Practice}
}