@misc{dinh2017density,
      title={Density estimation using Real NVP}, 
      author={Laurent Dinh and Jascha Sohl-Dickstein and Samy Bengio},
      year={2017},
      eprint={1605.08803},
      archivePrefix={arXiv},
      primaryClass={cs.LG}
}

@misc{gemici2016normalizing,
      title={Normalizing Flows on Riemannian Manifolds}, 
      author={Mevlana C. Gemici and Danilo Rezende and Shakir Mohamed},
      year={2016},
      eprint={1611.02304},
      archivePrefix={arXiv},
      primaryClass={stat.ML}
}

@misc{
    beitler2019pie,
    title={{PIE}: Pseudo-Invertible Encoder},
    author={Jan Jetze Beitler and Ivan Sosnovik and Arnold Smeulders},
    year={2019},
    url={https://openreview.net/forum?id=SkgiX2Aqtm},
}

@inproceedings{NEURIPS2020_05192834,
     author = {Brehmer, Johann and Cranmer, Kyle},
     booktitle = {Advances in Neural Information Processing Systems},
     editor = {H. Larochelle and M. Ranzato and R. Hadsell and M. F. Balcan and H. Lin},
     pages = {442--453},
     publisher = {Curran Associates, Inc.},
     title = {Flows for simultaneous manifold learning and density estimation},
     url = {https://proceedings.neurips.cc/paper/2020/file/051928341be67dcba03f0e04104d9047-Paper.pdf},
     volume = {33},
     year = {2020}
}

@misc{caterini2021rectangular,
      title={Rectangular Flows for Manifold Learning}, 
      author={Anthony L. Caterini and Gabriel Loaiza-Ganem and Geoff Pleiss and John P. Cunningham},
      year={2021},
      eprint={2106.01413},
      archivePrefix={arXiv},
      primaryClass={stat.ML}
}