@article{SplineCNN,
  title={SplineCNN: Fast Geometric Deep Learning with Continuous B-Spline Kernels},
  author={Matthias Fey and Jan Eric Lenssen and Frank Weichert and Heinrich M{\"u}ller},
  journal={2018 IEEE/CVF Conference on Computer Vision and Pattern Recognition},
  year={2018},
  pages={869-877}
}

@article{GeometricDL,
  title={Geometric Deep Learning: Grids, Groups, Graphs, Geodesics, and Gauges},
  author={Michael M. Bronstein and Joan Bruna and Taco Cohen and Petar Velivckovi'c},
  journal={ArXiv},
  year={2021},
  volume={abs/2104.13478}
}
