@article{SpectralMeshSurvey,
  title={Spectral Methods for Mesh Processing and Analysis},
  author={D. Schmalstieg and J. Bittner},
  journal={Eurographics 2007 - State of the Art Reports},
  year={2007}
}

@article{SpectralMeshSurvey2,
  title={Spectral mesh processing},
  author={H. Zhang, O. Van Kaick and R. Dyer},
  journal={Computer graphics forum},
  year={2010}
}

@article{GDL,
  title={Geometric deep learning: Grids, groups, graphs, geodesics, and gauges},
  author={M. Bronstein et al.},
  journal={arXiv preprint arXiv:2104.13478},
  year={2021}
}

@article{SpectralMeshSurveyCourse,
  title={Spectral mesh processing},
  author={B. Levy and H. Zhang},
  journal={SIGGRAPH '10: ACM SIGGRAPH 2010 Courses},
  pages={1--312},
  year={2010}
}