@article{MITcourse,
  title={Signals and Systems. 6.003.},
  author={D. Freeman},
  journal={Massachusetts Institute of Technology: MIT OpenCouseWare, https://ocw.mit.edu/. License: Creative Commons BY-NC-SA.},
  year={Fall 2011}
}
@article{GonzalezWoods,
  title={Digital image processing},
  author={R. Gonzalez, and R. Woods},
  journal={Prentice Hall, Upper Saddle River, N.J.},
  year={2008}
}
@article{LiDAR1,
  title={Fourier transformation of waveform Lidar for species recognition},
  author={N. Vaughn , L. Moskal \& E. Turnblom},
  journal={Remote Sensing Letters},
  volume={2},
  number={4},
  pages={347--356},
  year={2010}
}

@article{LiDAR2,
  title={Biomass estimation in a tropical wet forest usingFourier transforms of profiles from lidar or interferometric SARR},
  author={N. Treulaft et al.},
  journal={Geophysical Research Letters},
  volume={37},
  number={L23403},
  year={2010}
}