@article{FURFARO2021617,
title = {Modeling irregular small bodies gravity field via extreme learning machines and Bayesian optimization},
journal = {Advances in Space Research},
volume = {67},
number = {1},
pages = {617-638},
year = {2021},
issn = {0273-1177},

doi = {https://doi.org/10.1016/j.asr.2020.06.021},

url = {https://www.sciencedirect.com/science/article/pii/S0273117720304415},

author = {Roberto Furfaro and Riccardo Barocco and Richard Linares and Francesco Topputo and Vishnu Reddy and Jules Simo and Lucille {Le Corre}},

keywords = {Extreme learning machine, Gravity modeling, Asteroid}

}