@inproceedings{NEURIPS2018_69386f6b,
 author = {Chen, Ricky T. Q. and Rubanova, Yulia and Bettencourt, Jesse and Duvenaud, David K},
 booktitle = {Advances in Neural Information Processing Systems},
 editor = {S. Bengio and H. Wallach and H. Larochelle and K. Grauman and N. Cesa-Bianchi and R. Garnett},
 pages = {},
 publisher = {Curran Associates, Inc.},
 title = {Neural Ordinary Differential Equations},
 url = {https://proceedings.neurips.cc/paper/2018/file/69386f6bb1dfed68692a24c8686939b9-Paper.pdf},
 volume = {31},
 year = {2018}
}

@inproceedings{NEURIPS2019_42a6845a,
 author = {Rubanova, Yulia and Chen, Ricky T. Q. and Duvenaud, David K},
 booktitle = {Advances in Neural Information Processing Systems},
 editor = {H. Wallach and H. Larochelle and A. Beygelzimer and F. d\textquotesingle Alch\'{e}-Buc and E. Fox and R. Garnett},
 pages = {},
 publisher = {Curran Associates, Inc.},
 title = {Latent Ordinary Differential Equations for Irregularly-Sampled Time Series},
 url = {https://proceedings.neurips.cc/paper/2019/file/42a6845a557bef704ad8ac9cb4461d43-Paper.pdf},
 volume = {32},
 year = {2019}
}

@article{DBLP:journals/corr/abs-2005-08926,
  author    = {Patrick Kidger and
               James Morrill and
               James Foster and
               Terry J. Lyons},
  title     = {Neural Controlled Differential Equations for Irregular Time Series},
  journal   = {CoRR},
  volume    = {abs/2005.08926},
  year      = {2020},
  url       = {https://arxiv.org/abs/2005.08926},
  eprinttype = {arXiv},
  eprint    = {2005.08926},
  timestamp = {Wed, 29 Jul 2020 09:29:26 +0200},
  biburl    = {https://dblp.org/rec/journals/corr/abs-2005-08926.bib},
  bibsource = {dblp computer science bibliography, https://dblp.org}
}

@article{DBLP:journals/corr/abs-2006-04418,
  author    = {Mathias Lechner and
               Ramin M. Hasani},
  title     = {Learning Long-Term Dependencies in Irregularly-Sampled Time Series},
  journal   = {CoRR},
  volume    = {abs/2006.04418},
  year      = {2020},
  url       = {https://arxiv.org/abs/2006.04418},
  eprinttype = {arXiv},
  eprint    = {2006.04418},
  timestamp = {Fri, 12 Jun 2020 14:02:57 +0200},
  biburl    = {https://dblp.org/rec/journals/corr/abs-2006-04418.bib},
  bibsource = {dblp computer science bibliography, https://dblp.org}
}

@inproceedings{NEURIPS2019_952285b9,
 author = {Voelker, Aaron and Kaji\'{c}, Ivana and Eliasmith, Chris},
 booktitle = {Advances in Neural Information Processing Systems},
 editor = {H. Wallach and H. Larochelle and A. Beygelzimer and F. d\textquotesingle Alch\'{e}-Buc and E. Fox and R. Garnett},
 pages = {},
 publisher = {Curran Associates, Inc.},
 title = {Legendre Memory Units: Continuous-Time Representation in Recurrent Neural Networks},
 url = {https://proceedings.neurips.cc/paper/2019/file/952285b9b7e7a1be5aa7849f32ffff05-Paper.pdf},
 volume = {32},
 year = {2019}
}
