@article{Usmanova2020,
author = {Usmanova, K. and Zhuravlev, Yu and Rudakov, K. and Strijov, Vadim},
year = {2020},
month = {10},
pages = {196-202},
title = {Approximation of Quasiperiodic Signal Phase Trajectory Using Directional Regression},
volume = {44},
journal = {Moscow University Computational Mathematics and Cybernetics},
doi = {10.3103/S0278641920040068}
}

@article{Motrenko2015,
author = {Motrenko, Anastasia and Strijov, Vadim},
year = {2015},
month = {08},
pages = {},
title = {Extracting Fundamental Periods to Segment Biomedical Signals},
volume = {20},
journal = {IEEE journal of biomedical and health informatics},
doi = {10.1109/JBHI.2015.2466440},
howpublished = {\url{http://dx.doi.org/10.1109/JBHI.2015.2466440}}
}

@article{Hajarian2015,
author = {Hajarian, Masoud, Nortje, Caitlin R., Ward, Wil O. C., Neuman, Bartosz P.},
year = {2015},
month = {12},
pages = {},
title = {Spherical Harmonics for Surface Parametrisation and Remeshing},
journal = {Mathematical Problems in Engineering}
}