@article{FNO,
	title={Fourier Neural Operator for Parametric Partial Differential Equations},
	author={Zong-Yi Li and Nikola B. Kovachki and Kamyar Azizzadenesheli and Burigede Liu and Kaushik Bhattacharya and Andrew Stuart and Anima Anandkumar},
	journal={ArXiv},
	year={2021},
	volume={abs/2010.08895}
}
@article{Deeponet,
	title={DeepONet: Learning nonlinear operators for identifying differential equations based on the universal approximation theorem of operators},
	author={Lu Lu and Pengzhan Jin and George Em Karniadakis},
	journal={ArXiv},
	year={2019},
	volume={abs/1910.03193}
}

@misc{FNOcode,	
	title={FNO code},
	howpublished="\url{https://github.com/zongyi-li/fourier\_neural\_operator}"
}