@article{Hestenes1985,
  doi = {10.1119/1.14223},
  url = {https://doi.org/10.1119/1.14223},
  year = {1985},
  month = may,
  publisher = {American Association of Physics Teachers ({AAPT})},
  volume = {53},
  number = {5},
  pages = {510--511},
  author = {David Hestenes and Garret Sobczyk and James S. Marsh},
  title = {Clifford Algebra to Geometric Calculus. A Unified Language for Mathematics and Physics},
  journal = {American Journal of Physics}
}

@article{Hitzer2013,
  doi = {10.1007/s00006-013-0378-4},
  url = {https://doi.org/10.1007/s00006-013-0378-4},
  year = {2013},
  month = mar,
  publisher = {Springer Science and Business Media {LLC}},
  volume = {23},
  number = {2},
  pages = {377--404},
  author = {Eckhard Hitzer and Tohru Nitta and Yasuaki Kuroe},
  title = {Applications of Clifford's Geometric Algebra},
  journal = {Advances in Applied Clifford Algebras}
}

@article{Chisolm,
  url = {https://arxiv.org/abs/1205.5935},
  year = {2012},
  month = may,
  volume = {92},
  author = {Eric Chisolm},
  title = {Geometric Algebra},
}