@misc{Deno,
	title={Denoising Diffusion Probabilistic Models},
	author={ Ho, Jonathan },
	journal={ArXiv},
	year={2020},
	volume={abs/2006.11239}
}
@misc{Ermo,
	title={Generative Modeling by Estimating Gradients of the Data Distribution},
	author={Song, Yang},
	journal={ArXiv},
	year={2019},
	volume={abs/1907.05600
}
}
@misc{Jasha,
	title={ Deep Unsupervised Learning using Nonequilibrium Thermodynamics},
	author={   Sohl-Dickstein,  Jascha },
	journal={ArXiv},
	year={2014},
	volume={abs/1503.03585}
}
@misc{Sde,
	title={ Score-Based Generative Modeling through Stochastic Differential Equations},
	author={   Sohl-Dickstein,  Jascha },
	journal={ArXiv},
	year={2020},
	volume={abs/2011.13456
}
}