@misc{RMHMC,
	title={Riemann Manifold Langevin and Hamiltonian Monte Carlo},
	author={ Girolami, Mark },
	journal={ArXiv},
	year={2012},
	volume={abs/https://statmodeling.stat.columbia.edu/wp-content/uploads/2010/04/RMHMC_MG_BC_SC_REV_08_04_10.pdf}
}
@misc{SMHMC,
	title={Shadow manifold hamiltonian monte carlo},
	author={Roosta, Fred},
	journal={icml},
	year={2021},
	volume={abs/ https://proceedings.mlr.press/v130/heide21a.html}
}
 